[{
"stornum_": "00096",
"storname": "BTG - CLARK DPD",
"datesale": "12/01/2024",
"netsales":41717.00,
"runtotal":41717.00,
"targsale":1700000.00,
"run_targ":54838.71,
"pctachvd":2.45,
"begindte": "12/01/2024",
"targdate": "12/31/2024"
},
{
"stornum_": "00096",
"storname": "BTG - CLARK DPD",
"datesale": "12/02/2024",
"netsales":53479.00,
"runtotal":95196.00,
"targsale":1700000.00,
"run_targ":109677.42,
"pctachvd":5.60,
"begindte": "12/01/2024",
"targdate": "12/31/2024"
},
{
"stornum_": "00096",
"storname": "BTG - CLARK DPD",
"datesale": "12/03/2024",
"netsales":41297.00,
"runtotal":136493.00,
"targsale":1700000.00,
"run_targ":164516.13,
"pctachvd":8.03,
"begindte": "12/01/2024",
"targdate": "12/31/2024"
},
{
"stornum_": "00096",
"storname": "BTG - CLARK DPD",
"datesale": "12/04/2024",
"netsales":12428.00,
"runtotal":148921.00,
"targsale":1700000.00,
"run_targ":219354.84,
"pctachvd":8.76,
"begindte": "12/01/2024",
"targdate": "12/31/2024"
},
{
"stornum_": "00096",
"storname": "BTG - CLARK DPD",
"datesale": "12/05/2024",
"netsales":58991.00,
"runtotal":207912.00,
"targsale":1700000.00,
"run_targ":274193.55,
"pctachvd":12.23,
"begindte": "12/01/2024",
"targdate": "12/31/2024"
},
{
"stornum_": "00096",
"storname": "BTG - CLARK DPD",
"datesale": "12/06/2024",
"netsales":56735.00,
"runtotal":264647.00,
"targsale":1700000.00,
"run_targ":329032.26,
"pctachvd":15.57,
"begindte": "12/01/2024",
"targdate": "12/31/2024"
},
{
"stornum_": "00096",
"storname": "BTG - CLARK DPD",
"datesale": "12/07/2024",
"netsales":30391.00,
"runtotal":295038.00,
"targsale":1700000.00,
"run_targ":383870.97,
"pctachvd":17.36,
"begindte": "12/01/2024",
"targdate": "12/31/2024"
},
{
"stornum_": "00096",
"storname": "BTG - CLARK DPD",
"datesale": "12/08/2024",
"netsales":46754.00,
"runtotal":341792.00,
"targsale":1700000.00,
"run_targ":438709.68,
"pctachvd":20.11,
"begindte": "12/01/2024",
"targdate": "12/31/2024"
},
{
"stornum_": "00096",
"storname": "BTG - CLARK DPD",
"datesale": "12/09/2024",
"netsales":39856.00,
"runtotal":381648.00,
"targsale":1700000.00,
"run_targ":493548.39,
"pctachvd":22.45,
"begindte": "12/01/2024",
"targdate": "12/31/2024"
},
{
"stornum_": "00096",
"storname": "BTG - CLARK DPD",
"datesale": "12/10/2024",
"netsales":8779.00,
"runtotal":390427.00,
"targsale":1700000.00,
"run_targ":548387.10,
"pctachvd":22.97,
"begindte": "12/01/2024",
"targdate": "12/31/2024"
},
{
"stornum_": "00096",
"storname": "BTG - CLARK DPD",
"datesale": "12/11/2024",
"netsales":76803.00,
"runtotal":467230.00,
"targsale":1700000.00,
"run_targ":603225.81,
"pctachvd":27.48,
"begindte": "12/01/2024",
"targdate": "12/31/2024"
},
{
"stornum_": "00096",
"storname": "BTG - CLARK DPD",
"datesale": "12/12/2024",
"netsales":74961.00,
"runtotal":542191.00,
"targsale":1700000.00,
"run_targ":658064.52,
"pctachvd":31.89,
"begindte": "12/01/2024",
"targdate": "12/31/2024"
},
{
"stornum_": "00096",
"storname": "BTG - CLARK DPD",
"datesale": "12/13/2024",
"netsales":43637.00,
"runtotal":585828.00,
"targsale":1700000.00,
"run_targ":712903.23,
"pctachvd":34.46,
"begindte": "12/01/2024",
"targdate": "12/31/2024"
},
{
"stornum_": "00096",
"storname": "BTG - CLARK DPD",
"datesale": "12/14/2024",
"netsales":49150.00,
"runtotal":634978.00,
"targsale":1700000.00,
"run_targ":767741.94,
"pctachvd":37.35,
"begindte": "12/01/2024",
"targdate": "12/31/2024"
},
{
"stornum_": "00096",
"storname": "BTG - CLARK DPD",
"datesale": "12/15/2024",
"netsales":77007.00,
"runtotal":711985.00,
"targsale":1700000.00,
"run_targ":822580.65,
"pctachvd":41.88,
"begindte": "12/01/2024",
"targdate": "12/31/2024"
},
{
"stornum_": "00096",
"storname": "BTG - CLARK DPD",
"datesale": "12/16/2024",
"netsales":50627.00,
"runtotal":762612.00,
"targsale":1700000.00,
"run_targ":877419.35,
"pctachvd":44.86,
"begindte": "12/01/2024",
"targdate": "12/31/2024"
},
{
"stornum_": "00096",
"storname": "BTG - CLARK DPD",
"datesale": "12/17/2024",
"netsales":76146.00,
"runtotal":838758.00,
"targsale":1700000.00,
"run_targ":932258.06,
"pctachvd":49.34,
"begindte": "12/01/2024",
"targdate": "12/31/2024"
},
{
"stornum_": "00096",
"storname": "BTG - CLARK DPD",
"datesale": "12/18/2024",
"netsales":45062.00,
"runtotal":883820.00,
"targsale":1700000.00,
"run_targ":987096.77,
"pctachvd":51.99,
"begindte": "12/01/2024",
"targdate": "12/31/2024"
},
{
"stornum_": "00096",
"storname": "BTG - CLARK DPD",
"datesale": "12/19/2024",
"netsales":53820.00,
"runtotal":937640.00,
"targsale":1700000.00,
"run_targ":1041935.48,
"pctachvd":55.16,
"begindte": "12/01/2024",
"targdate": "12/31/2024"
},
{
"stornum_": "00096",
"storname": "BTG - CLARK DPD",
"datesale": "12/20/2024",
"netsales":69098.00,
"runtotal":1006738.00,
"targsale":1700000.00,
"run_targ":1096774.19,
"pctachvd":59.22,
"begindte": "12/01/2024",
"targdate": "12/31/2024"
},
{
"stornum_": "00096",
"storname": "BTG - CLARK DPD",
"datesale": "12/21/2024",
"netsales":70350.00,
"runtotal":1077088.00,
"targsale":1700000.00,
"run_targ":1151612.90,
"pctachvd":63.36,
"begindte": "12/01/2024",
"targdate": "12/31/2024"
},
{
"stornum_": "00096",
"storname": "BTG - CLARK DPD",
"datesale": "12/22/2024",
"netsales":54191.00,
"runtotal":1131279.00,
"targsale":1700000.00,
"run_targ":1206451.61,
"pctachvd":66.55,
"begindte": "12/01/2024",
"targdate": "12/31/2024"
},
{
"stornum_": "00096",
"storname": "BTG - CLARK DPD",
"datesale": "12/23/2024",
"netsales":63638.00,
"runtotal":1194917.00,
"targsale":1700000.00,
"run_targ":1261290.32,
"pctachvd":70.29,
"begindte": "12/01/2024",
"targdate": "12/31/2024"
},
{
"stornum_": "00096",
"storname": "BTG - CLARK DPD",
"datesale": "12/24/2024",
"netsales":52695.00,
"runtotal":1247612.00,
"targsale":1700000.00,
"run_targ":1316129.03,
"pctachvd":73.39,
"begindte": "12/01/2024",
"targdate": "12/31/2024"
},
{
"stornum_": "00096",
"storname": "BTG - CLARK DPD",
"datesale": "12/25/2024",
"netsales":39709.00,
"runtotal":1287321.00,
"targsale":1700000.00,
"run_targ":1370967.74,
"pctachvd":75.72,
"begindte": "12/01/2024",
"targdate": "12/31/2024"
},
{
"stornum_": "00096",
"storname": "BTG - CLARK DPD",
"datesale": "12/26/2024",
"netsales":34046.00,
"runtotal":1321367.00,
"targsale":1700000.00,
"run_targ":1425806.45,
"pctachvd":77.73,
"begindte": "12/01/2024",
"targdate": "12/31/2024"
},
{
"stornum_": "00096",
"storname": "BTG - CLARK DPD",
"datesale": "12/27/2024",
"netsales":42680.00,
"runtotal":1364047.00,
"targsale":1700000.00,
"run_targ":1480645.16,
"pctachvd":80.24,
"begindte": "12/01/2024",
"targdate": "12/31/2024"
},
{
"stornum_": "00096",
"storname": "BTG - CLARK DPD",
"datesale": "12/28/2024",
"netsales":90548.00,
"runtotal":1454595.00,
"targsale":1700000.00,
"run_targ":1535483.87,
"pctachvd":85.56,
"begindte": "12/01/2024",
"targdate": "12/31/2024"
},
{
"stornum_": "00096",
"storname": "BTG - CLARK DPD",
"datesale": "12/29/2024",
"netsales":51257.00,
"runtotal":1505852.00,
"targsale":1700000.00,
"run_targ":1590322.58,
"pctachvd":88.58,
"begindte": "12/01/2024",
"targdate": "12/31/2024"
},
{
"stornum_": "00096",
"storname": "BTG - CLARK DPD",
"datesale": "12/30/2024",
"netsales":41544.00,
"runtotal":1547396.00,
"targsale":1700000.00,
"run_targ":1645161.29,
"pctachvd":91.02,
"begindte": "12/01/2024",
"targdate": "12/31/2024"
},
{
"stornum_": "00096",
"storname": "BTG - CLARK DPD",
"datesale": "12/31/2024",
"netsales":36162.00,
"runtotal":1583558.00,
"targsale":1700000.00,
"run_targ":1700000.00,
"pctachvd":93.15,
"begindte": "12/01/2024",
"targdate": "12/31/2024"
},
{
"stornum_": "00727",
"storname": "SUBWAY CLARK",
"datesale": "12/01/2024",
"netsales":72016.02,
"runtotal":72016.02,
"targsale":1705000.00,
"run_targ":55000.00,
"pctachvd":4.22,
"begindte": "12/01/2024",
"targdate": "12/31/2024"
},
{
"stornum_": "00727",
"storname": "SUBWAY CLARK",
"datesale": "12/02/2024",
"netsales":57321.14,
"runtotal":129337.16,
"targsale":1705000.00,
"run_targ":110000.00,
"pctachvd":7.59,
"begindte": "12/01/2024",
"targdate": "12/31/2024"
},
{
"stornum_": "00727",
"storname": "SUBWAY CLARK",
"datesale": "12/03/2024",
"netsales":52602.00,
"runtotal":181939.16,
"targsale":1705000.00,
"run_targ":165000.00,
"pctachvd":10.67,
"begindte": "12/01/2024",
"targdate": "12/31/2024"
},
{
"stornum_": "00727",
"storname": "SUBWAY CLARK",
"datesale": "12/04/2024",
"netsales":54673.61,
"runtotal":236612.77,
"targsale":1705000.00,
"run_targ":220000.00,
"pctachvd":13.88,
"begindte": "12/01/2024",
"targdate": "12/31/2024"
},
{
"stornum_": "00727",
"storname": "SUBWAY CLARK",
"datesale": "12/05/2024",
"netsales":70141.15,
"runtotal":306753.92,
"targsale":1705000.00,
"run_targ":275000.00,
"pctachvd":17.99,
"begindte": "12/01/2024",
"targdate": "12/31/2024"
},
{
"stornum_": "00727",
"storname": "SUBWAY CLARK",
"datesale": "12/06/2024",
"netsales":63572.31,
"runtotal":370326.23,
"targsale":1705000.00,
"run_targ":330000.00,
"pctachvd":21.72,
"begindte": "12/01/2024",
"targdate": "12/31/2024"
},
{
"stornum_": "00727",
"storname": "SUBWAY CLARK",
"datesale": "12/07/2024",
"netsales":47945.19,
"runtotal":418271.42,
"targsale":1705000.00,
"run_targ":385000.00,
"pctachvd":24.53,
"begindte": "12/01/2024",
"targdate": "12/31/2024"
},
{
"stornum_": "00727",
"storname": "SUBWAY CLARK",
"datesale": "12/08/2024",
"netsales":50693.79,
"runtotal":468965.21,
"targsale":1705000.00,
"run_targ":440000.00,
"pctachvd":27.51,
"begindte": "12/01/2024",
"targdate": "12/31/2024"
},
{
"stornum_": "00727",
"storname": "SUBWAY CLARK",
"datesale": "12/09/2024",
"netsales":62640.85,
"runtotal":531606.06,
"targsale":1705000.00,
"run_targ":495000.00,
"pctachvd":31.18,
"begindte": "12/01/2024",
"targdate": "12/31/2024"
},
{
"stornum_": "00727",
"storname": "SUBWAY CLARK",
"datesale": "12/10/2024",
"netsales":37700.02,
"runtotal":569306.08,
"targsale":1705000.00,
"run_targ":550000.00,
"pctachvd":33.39,
"begindte": "12/01/2024",
"targdate": "12/31/2024"
},
{
"stornum_": "00727",
"storname": "SUBWAY CLARK",
"datesale": "12/11/2024",
"netsales":69426.81,
"runtotal":638732.89,
"targsale":1705000.00,
"run_targ":605000.00,
"pctachvd":37.46,
"begindte": "12/01/2024",
"targdate": "12/31/2024"
},
{
"stornum_": "00727",
"storname": "SUBWAY CLARK",
"datesale": "12/12/2024",
"netsales":47470.55,
"runtotal":686203.44,
"targsale":1705000.00,
"run_targ":660000.00,
"pctachvd":40.25,
"begindte": "12/01/2024",
"targdate": "12/31/2024"
},
{
"stornum_": "00727",
"storname": "SUBWAY CLARK",
"datesale": "12/13/2024",
"netsales":56269.65,
"runtotal":742473.09,
"targsale":1705000.00,
"run_targ":715000.00,
"pctachvd":43.55,
"begindte": "12/01/2024",
"targdate": "12/31/2024"
},
{
"stornum_": "00727",
"storname": "SUBWAY CLARK",
"datesale": "12/14/2024",
"netsales":43833.40,
"runtotal":786306.49,
"targsale":1705000.00,
"run_targ":770000.00,
"pctachvd":46.12,
"begindte": "12/01/2024",
"targdate": "12/31/2024"
},
{
"stornum_": "00727",
"storname": "SUBWAY CLARK",
"datesale": "12/15/2024",
"netsales":57325.91,
"runtotal":843632.40,
"targsale":1705000.00,
"run_targ":825000.00,
"pctachvd":49.48,
"begindte": "12/01/2024",
"targdate": "12/31/2024"
},
{
"stornum_": "00727",
"storname": "SUBWAY CLARK",
"datesale": "12/16/2024",
"netsales":56752.66,
"runtotal":900385.06,
"targsale":1705000.00,
"run_targ":880000.00,
"pctachvd":52.81,
"begindte": "12/01/2024",
"targdate": "12/31/2024"
},
{
"stornum_": "00727",
"storname": "SUBWAY CLARK",
"datesale": "12/17/2024",
"netsales":53597.33,
"runtotal":953982.39,
"targsale":1705000.00,
"run_targ":935000.00,
"pctachvd":55.95,
"begindte": "12/01/2024",
"targdate": "12/31/2024"
},
{
"stornum_": "00727",
"storname": "SUBWAY CLARK",
"datesale": "12/18/2024",
"netsales":49648.59,
"runtotal":1003630.98,
"targsale":1705000.00,
"run_targ":990000.00,
"pctachvd":58.86,
"begindte": "12/01/2024",
"targdate": "12/31/2024"
},
{
"stornum_": "00727",
"storname": "SUBWAY CLARK",
"datesale": "12/19/2024",
"netsales":44950.89,
"runtotal":1048581.87,
"targsale":1705000.00,
"run_targ":1045000.00,
"pctachvd":61.50,
"begindte": "12/01/2024",
"targdate": "12/31/2024"
},
{
"stornum_": "00727",
"storname": "SUBWAY CLARK",
"datesale": "12/20/2024",
"netsales":72943.79,
"runtotal":1121525.66,
"targsale":1705000.00,
"run_targ":1100000.00,
"pctachvd":65.78,
"begindte": "12/01/2024",
"targdate": "12/31/2024"
},
{
"stornum_": "00727",
"storname": "SUBWAY CLARK",
"datesale": "12/21/2024",
"netsales":54691.07,
"runtotal":1176216.73,
"targsale":1705000.00,
"run_targ":1155000.00,
"pctachvd":68.99,
"begindte": "12/01/2024",
"targdate": "12/31/2024"
},
{
"stornum_": "00727",
"storname": "SUBWAY CLARK",
"datesale": "12/22/2024",
"netsales":62812.49,
"runtotal":1239029.22,
"targsale":1705000.00,
"run_targ":1210000.00,
"pctachvd":72.67,
"begindte": "12/01/2024",
"targdate": "12/31/2024"
},
{
"stornum_": "00727",
"storname": "SUBWAY CLARK",
"datesale": "12/23/2024",
"netsales":68472.35,
"runtotal":1307501.57,
"targsale":1705000.00,
"run_targ":1265000.00,
"pctachvd":76.69,
"begindte": "12/01/2024",
"targdate": "12/31/2024"
},
{
"stornum_": "00727",
"storname": "SUBWAY CLARK",
"datesale": "12/24/2024",
"netsales":48106.27,
"runtotal":1355607.84,
"targsale":1705000.00,
"run_targ":1320000.00,
"pctachvd":79.51,
"begindte": "12/01/2024",
"targdate": "12/31/2024"
},
{
"stornum_": "00727",
"storname": "SUBWAY CLARK",
"datesale": "12/25/2024",
"netsales":39757.35,
"runtotal":1395365.19,
"targsale":1705000.00,
"run_targ":1375000.00,
"pctachvd":81.84,
"begindte": "12/01/2024",
"targdate": "12/31/2024"
},
{
"stornum_": "00727",
"storname": "SUBWAY CLARK",
"datesale": "12/26/2024",
"netsales":93329.28,
"runtotal":1488694.47,
"targsale":1705000.00,
"run_targ":1430000.00,
"pctachvd":87.31,
"begindte": "12/01/2024",
"targdate": "12/31/2024"
},
{
"stornum_": "00727",
"storname": "SUBWAY CLARK",
"datesale": "12/27/2024",
"netsales":75329.18,
"runtotal":1564023.65,
"targsale":1705000.00,
"run_targ":1485000.00,
"pctachvd":91.73,
"begindte": "12/01/2024",
"targdate": "12/31/2024"
},
{
"stornum_": "00727",
"storname": "SUBWAY CLARK",
"datesale": "12/28/2024",
"netsales":58256.28,
"runtotal":1622279.93,
"targsale":1705000.00,
"run_targ":1540000.00,
"pctachvd":95.15,
"begindte": "12/01/2024",
"targdate": "12/31/2024"
},
{
"stornum_": "00727",
"storname": "SUBWAY CLARK",
"datesale": "12/29/2024",
"netsales":63800.01,
"runtotal":1686079.94,
"targsale":1705000.00,
"run_targ":1595000.00,
"pctachvd":98.89,
"begindte": "12/01/2024",
"targdate": "12/31/2024"
},
{
"stornum_": "00727",
"storname": "SUBWAY CLARK",
"datesale": "12/30/2024",
"netsales":56691.44,
"runtotal":1742771.38,
"targsale":1705000.00,
"run_targ":1650000.00,
"pctachvd":102.22,
"begindte": "12/01/2024",
"targdate": "12/31/2024"
},
{
"stornum_": "00727",
"storname": "SUBWAY CLARK",
"datesale": "12/31/2024",
"netsales":51576.25,
"runtotal":1794347.63,
"targsale":1705000.00,
"run_targ":1705000.00,
"pctachvd":105.24,
"begindte": "12/01/2024",
"targdate": "12/31/2024"
},
{
"stornum_": "00729",
"storname": "SUBWAY BATANGAS",
"datesale": "12/23/2024",
"netsales":81367.84,
"runtotal":81367.84,
"targsale":450000.00,
"run_targ":50000.00,
"pctachvd":18.08,
"begindte": "12/23/2024",
"targdate": "12/31/2024"
},
{
"stornum_": "00729",
"storname": "SUBWAY BATANGAS",
"datesale": "12/24/2024",
"netsales":62697.31,
"runtotal":144065.15,
"targsale":450000.00,
"run_targ":100000.00,
"pctachvd":32.01,
"begindte": "12/23/2024",
"targdate": "12/31/2024"
},
{
"stornum_": "00729",
"storname": "SUBWAY BATANGAS",
"datesale": "12/25/2024",
"netsales":31928.57,
"runtotal":175993.72,
"targsale":450000.00,
"run_targ":150000.00,
"pctachvd":39.11,
"begindte": "12/23/2024",
"targdate": "12/31/2024"
},
{
"stornum_": "00729",
"storname": "SUBWAY BATANGAS",
"datesale": "12/26/2024",
"netsales":82114.59,
"runtotal":258108.31,
"targsale":450000.00,
"run_targ":200000.00,
"pctachvd":57.36,
"begindte": "12/23/2024",
"targdate": "12/31/2024"
},
{
"stornum_": "00729",
"storname": "SUBWAY BATANGAS",
"datesale": "12/27/2024",
"netsales":84342.83,
"runtotal":342451.14,
"targsale":450000.00,
"run_targ":250000.00,
"pctachvd":76.10,
"begindte": "12/23/2024",
"targdate": "12/31/2024"
},
{
"stornum_": "00729",
"storname": "SUBWAY BATANGAS",
"datesale": "12/28/2024",
"netsales":66035.70,
"runtotal":408486.84,
"targsale":450000.00,
"run_targ":300000.00,
"pctachvd":90.77,
"begindte": "12/23/2024",
"targdate": "12/31/2024"
},
{
"stornum_": "00729",
"storname": "SUBWAY BATANGAS",
"datesale": "12/29/2024",
"netsales":71117.88,
"runtotal":479604.72,
"targsale":450000.00,
"run_targ":350000.00,
"pctachvd":106.58,
"begindte": "12/23/2024",
"targdate": "12/31/2024"
},
{
"stornum_": "00729",
"storname": "SUBWAY BATANGAS",
"datesale": "12/30/2024",
"netsales":48458.00,
"runtotal":528062.72,
"targsale":450000.00,
"run_targ":400000.00,
"pctachvd":117.35,
"begindte": "12/23/2024",
"targdate": "12/31/2024"
},
{
"stornum_": "00729",
"storname": "SUBWAY BATANGAS",
"datesale": "12/31/2024",
"netsales":17117.86,
"runtotal":545180.58,
"targsale":450000.00,
"run_targ":450000.00,
"pctachvd":121.15,
"begindte": "12/23/2024",
"targdate": "12/31/2024"
},
{
"stornum_": "00726",
"storname": "ILLY CAFE- OPUS MALL",
"datesale": "01/01/2025",
"netsales":26312.48,
"runtotal":26312.48,
"targsale":415000.00,
"run_targ":13387.10,
"pctachvd":6.34,
"begindte": "01/01/2025",
"targdate": "01/31/2025"
},
{
"stornum_": "00726",
"storname": "ILLY CAFE- OPUS MALL",
"datesale": "01/02/2025",
"netsales":11099.12,
"runtotal":37411.60,
"targsale":415000.00,
"run_targ":26774.19,
"pctachvd":9.01,
"begindte": "01/01/2025",
"targdate": "01/31/2025"
},
{
"stornum_": "00726",
"storname": "ILLY CAFE- OPUS MALL",
"datesale": "01/03/2025",
"netsales":9078.58,
"runtotal":46490.18,
"targsale":415000.00,
"run_targ":40161.29,
"pctachvd":11.20,
"begindte": "01/01/2025",
"targdate": "01/31/2025"
},
{
"stornum_": "00726",
"storname": "ILLY CAFE- OPUS MALL",
"datesale": "01/04/2025",
"netsales":21402.09,
"runtotal":67892.27,
"targsale":415000.00,
"run_targ":53548.39,
"pctachvd":16.36,
"begindte": "01/01/2025",
"targdate": "01/31/2025"
},
{
"stornum_": "00726",
"storname": "ILLY CAFE- OPUS MALL",
"datesale": "01/05/2025",
"netsales":26463.98,
"runtotal":94356.25,
"targsale":415000.00,
"run_targ":66935.48,
"pctachvd":22.74,
"begindte": "01/01/2025",
"targdate": "01/31/2025"
},
{
"stornum_": "00726",
"storname": "ILLY CAFE- OPUS MALL",
"datesale": "01/06/2025",
"netsales":5228.57,
"runtotal":99584.82,
"targsale":415000.00,
"run_targ":80322.58,
"pctachvd":24.00,
"begindte": "01/01/2025",
"targdate": "01/31/2025"
},
{
"stornum_": "00726",
"storname": "ILLY CAFE- OPUS MALL",
"datesale": "01/07/2025",
"netsales":5679.46,
"runtotal":105264.28,
"targsale":415000.00,
"run_targ":93709.68,
"pctachvd":25.36,
"begindte": "01/01/2025",
"targdate": "01/31/2025"
},
{
"stornum_": "00726",
"storname": "ILLY CAFE- OPUS MALL",
"datesale": "01/08/2025",
"netsales":5116.96,
"runtotal":110381.24,
"targsale":415000.00,
"run_targ":107096.77,
"pctachvd":26.60,
"begindte": "01/01/2025",
"targdate": "01/31/2025"
},
{
"stornum_": "00726",
"storname": "ILLY CAFE- OPUS MALL",
"datesale": "01/09/2025",
"netsales":0.00,
"runtotal":0.00,
"targsale":415000.00,
"run_targ":120483.87,
"pctachvd":26.60,
"begindte": "01/01/2025",
"targdate": "01/31/2025"
},
{
"stornum_": "00726",
"storname": "ILLY CAFE- OPUS MALL",
"datesale": "01/10/2025",
"netsales":0.00,
"runtotal":0.00,
"targsale":415000.00,
"run_targ":133870.97,
"pctachvd":26.60,
"begindte": "01/01/2025",
"targdate": "01/31/2025"
},
{
"stornum_": "00726",
"storname": "ILLY CAFE- OPUS MALL",
"datesale": "01/11/2025",
"netsales":0.00,
"runtotal":0.00,
"targsale":415000.00,
"run_targ":147258.06,
"pctachvd":26.60,
"begindte": "01/01/2025",
"targdate": "01/31/2025"
},
{
"stornum_": "00726",
"storname": "ILLY CAFE- OPUS MALL",
"datesale": "01/12/2025",
"netsales":0.00,
"runtotal":0.00,
"targsale":415000.00,
"run_targ":160645.16,
"pctachvd":26.60,
"begindte": "01/01/2025",
"targdate": "01/31/2025"
},
{
"stornum_": "00726",
"storname": "ILLY CAFE- OPUS MALL",
"datesale": "01/13/2025",
"netsales":0.00,
"runtotal":0.00,
"targsale":415000.00,
"run_targ":174032.26,
"pctachvd":26.60,
"begindte": "01/01/2025",
"targdate": "01/31/2025"
},
{
"stornum_": "00726",
"storname": "ILLY CAFE- OPUS MALL",
"datesale": "01/14/2025",
"netsales":0.00,
"runtotal":0.00,
"targsale":415000.00,
"run_targ":187419.35,
"pctachvd":26.60,
"begindte": "01/01/2025",
"targdate": "01/31/2025"
},
{
"stornum_": "00726",
"storname": "ILLY CAFE- OPUS MALL",
"datesale": "01/15/2025",
"netsales":0.00,
"runtotal":0.00,
"targsale":415000.00,
"run_targ":200806.45,
"pctachvd":26.60,
"begindte": "01/01/2025",
"targdate": "01/31/2025"
},
{
"stornum_": "00726",
"storname": "ILLY CAFE- OPUS MALL",
"datesale": "01/16/2025",
"netsales":0.00,
"runtotal":0.00,
"targsale":415000.00,
"run_targ":214193.55,
"pctachvd":26.60,
"begindte": "01/01/2025",
"targdate": "01/31/2025"
},
{
"stornum_": "00726",
"storname": "ILLY CAFE- OPUS MALL",
"datesale": "01/17/2025",
"netsales":0.00,
"runtotal":0.00,
"targsale":415000.00,
"run_targ":227580.65,
"pctachvd":26.60,
"begindte": "01/01/2025",
"targdate": "01/31/2025"
},
{
"stornum_": "00726",
"storname": "ILLY CAFE- OPUS MALL",
"datesale": "01/18/2025",
"netsales":0.00,
"runtotal":0.00,
"targsale":415000.00,
"run_targ":240967.74,
"pctachvd":26.60,
"begindte": "01/01/2025",
"targdate": "01/31/2025"
},
{
"stornum_": "00726",
"storname": "ILLY CAFE- OPUS MALL",
"datesale": "01/19/2025",
"netsales":0.00,
"runtotal":0.00,
"targsale":415000.00,
"run_targ":254354.84,
"pctachvd":26.60,
"begindte": "01/01/2025",
"targdate": "01/31/2025"
},
{
"stornum_": "00726",
"storname": "ILLY CAFE- OPUS MALL",
"datesale": "01/20/2025",
"netsales":0.00,
"runtotal":0.00,
"targsale":415000.00,
"run_targ":267741.94,
"pctachvd":26.60,
"begindte": "01/01/2025",
"targdate": "01/31/2025"
},
{
"stornum_": "00726",
"storname": "ILLY CAFE- OPUS MALL",
"datesale": "01/21/2025",
"netsales":0.00,
"runtotal":0.00,
"targsale":415000.00,
"run_targ":281129.03,
"pctachvd":26.60,
"begindte": "01/01/2025",
"targdate": "01/31/2025"
},
{
"stornum_": "00726",
"storname": "ILLY CAFE- OPUS MALL",
"datesale": "01/22/2025",
"netsales":0.00,
"runtotal":0.00,
"targsale":415000.00,
"run_targ":294516.13,
"pctachvd":26.60,
"begindte": "01/01/2025",
"targdate": "01/31/2025"
},
{
"stornum_": "00726",
"storname": "ILLY CAFE- OPUS MALL",
"datesale": "01/23/2025",
"netsales":0.00,
"runtotal":0.00,
"targsale":415000.00,
"run_targ":307903.23,
"pctachvd":26.60,
"begindte": "01/01/2025",
"targdate": "01/31/2025"
},
{
"stornum_": "00726",
"storname": "ILLY CAFE- OPUS MALL",
"datesale": "01/24/2025",
"netsales":0.00,
"runtotal":0.00,
"targsale":415000.00,
"run_targ":321290.32,
"pctachvd":26.60,
"begindte": "01/01/2025",
"targdate": "01/31/2025"
},
{
"stornum_": "00726",
"storname": "ILLY CAFE- OPUS MALL",
"datesale": "01/25/2025",
"netsales":0.00,
"runtotal":0.00,
"targsale":415000.00,
"run_targ":334677.42,
"pctachvd":26.60,
"begindte": "01/01/2025",
"targdate": "01/31/2025"
},
{
"stornum_": "00726",
"storname": "ILLY CAFE- OPUS MALL",
"datesale": "01/26/2025",
"netsales":0.00,
"runtotal":0.00,
"targsale":415000.00,
"run_targ":348064.52,
"pctachvd":26.60,
"begindte": "01/01/2025",
"targdate": "01/31/2025"
},
{
"stornum_": "00726",
"storname": "ILLY CAFE- OPUS MALL",
"datesale": "01/27/2025",
"netsales":0.00,
"runtotal":0.00,
"targsale":415000.00,
"run_targ":361451.61,
"pctachvd":26.60,
"begindte": "01/01/2025",
"targdate": "01/31/2025"
},
{
"stornum_": "00726",
"storname": "ILLY CAFE- OPUS MALL",
"datesale": "01/28/2025",
"netsales":0.00,
"runtotal":0.00,
"targsale":415000.00,
"run_targ":374838.71,
"pctachvd":26.60,
"begindte": "01/01/2025",
"targdate": "01/31/2025"
},
{
"stornum_": "00726",
"storname": "ILLY CAFE- OPUS MALL",
"datesale": "01/29/2025",
"netsales":0.00,
"runtotal":0.00,
"targsale":415000.00,
"run_targ":388225.81,
"pctachvd":26.60,
"begindte": "01/01/2025",
"targdate": "01/31/2025"
},
{
"stornum_": "00726",
"storname": "ILLY CAFE- OPUS MALL",
"datesale": "01/30/2025",
"netsales":0.00,
"runtotal":0.00,
"targsale":415000.00,
"run_targ":401612.90,
"pctachvd":26.60,
"begindte": "01/01/2025",
"targdate": "01/31/2025"
},
{
"stornum_": "00726",
"storname": "ILLY CAFE- OPUS MALL",
"datesale": "01/31/2025",
"netsales":0.00,
"runtotal":0.00,
"targsale":415000.00,
"run_targ":415000.00,
"pctachvd":26.60,
"begindte": "01/01/2025",
"targdate": "01/31/2025"
}]